<record><leader>00000cas a22000007a 4500</leader><controlfield tag="001">27776266</controlfield><controlfield tag="008">930322c19789999scuwr ne      0    0eng d</controlfield><datafield ind1=" " ind2=" " tag="010"><subfield code="a">sn 93067673 </subfield></datafield><datafield ind1=" " ind2=" " tag="040"><subfield code="a">SVN</subfield><subfield code="b">eng</subfield><subfield code="c">SVN</subfield><subfield code="d">OCLCQ</subfield></datafield><datafield ind1=" " ind2=" " tag="042"><subfield code="a">msc</subfield></datafield><datafield ind1="0" ind2=" " tag="130"><subfield code="a">Easley progress (Easley, S.C. : 1978)</subfield></datafield><datafield ind1="1" ind2="4" tag="245"><subfield code="a">The Easley progress.</subfield></datafield><datafield ind1=" " ind2=" " tag="260"><subfield code="a">Easley, Pickens County, S.C. :</subfield><subfield code="b">W.J. Ragsdale</subfield></datafield><datafield ind1=" " ind2=" " tag="300"><subfield code="a">v.</subfield></datafield><datafield ind1=" " ind2=" " tag="310"><subfield code="a">Weekly</subfield></datafield><datafield ind1="0" ind2=" " tag="362"><subfield code="a">Vol. 76, no. 1 (July 5, 1978)-</subfield></datafield><datafield ind1=" " ind2="4" tag="651"><subfield code="a">Pickens County (S.C.)</subfield><subfield code="v">Newspapers.</subfield></datafield><datafield ind1=" " ind2=" " tag="752"><subfield code="a">United States</subfield><subfield code="b">South Carolina</subfield><subfield code="c">Pickens</subfield><subfield code="d">Easley.</subfield></datafield><datafield ind1="0" ind2="0" tag="780"><subfield code="t">Progress (Easley, S.C.)</subfield><subfield code="w">(DLC)sn 93067660</subfield></datafield><datafield ind1="1" ind2=" " tag="029"><subfield code="a">AU@</subfield><subfield code="b">000020746423</subfield></datafield></record>